@misc{scientificamericanNASAsAsteroid,
	author = {Robin George Andrews},
	title = {\href{https://www.scientificamerican.com/article/nasas-osiris-rex-asteroid-sample-is-already-rewriting-solar-system-history/} {{N}{A}{S}{A}’s {N}ew {A}steroid {S}ample {I}s {A}lready {R}ewriting {S}olar {S}ystem {H}istory --- scientificamerican.com}},
	year = {2024},
	date = {28-03-2024},
}


@misc{quantamagazineTheoryAssembly,
	author = {Philip Ball},
	title = {\href{https://www.quantamagazine.org/a-new-theory-for-the-assembly-of-life-in-the-universe-20230504/}{ {A} {N}ew {T}heory for the {A}ssembly of {L}ife in the {U}niverse | {Q}uanta {M}agazine --- quantamagazine.org}},
	year = {2023},
	note = {04-05-2023},
}

@misc{scientificamericanLifeComplicatedLiterally,
	author = {Natalie Elliot},
	title = { \href{https://www.scientificamerican.com/article/life-is-complicated-literally-astrobiologists-say/}{{L}ife {I}s {C}omplicated--{L}iterally, {A}strobiologists {S}ay --- scientificamerican.com} },
	howpublished = {},
	year = {2021},
	date = {23-11-2021},
}

@misc{aliencrashsite015Cole,
	author = {Caitlin McShea},
	title = { \href{https://www.aliencrashsite.org/episodes/015}{015: {C}ole {M}athis — {A}lien {C}rash {S}ite --- aliencrashsite.org}},
	howpublished = {},
	year = {2021},
	date = {01-07-2021},
}

@misc{quantamagazineDoubtsGrow,
	author = {Elise Cutts},
	title = { \href{https://www.quantamagazine.org/doubts-grow-about-the-biosignature-approach-to-alien-hunting-20240319/}{{D}oubts {G}row {A}bout the {B}iosignature {A}pproach to {A}lien-{H}unting | {Q}uanta {M}agazine --- quantamagazine.org}},
	howpublished = {},
	year = {2024},
	date = {19-03-2024},
}

@misc{nature2021Chemistry,
	author = {},
	title = { \href{https://www.nature.com/collections/gagdjjgcgj}{2021 {T}op 25 {C}hemistry and {M}aterials {S}ciences {A}rticles --- nature.com}},
	howpublished = {},
	year = {2022},
	date = {29-03-2022},
}

@misc{resourceTechnologyFocus,
	author = {Bianca Giacobone},
	title = { \href{https://resource.news/technology-in-focus-drilling-down-on-geologic-hydrogen/}{{T}echnology in focus: {D}rilling down on geologic hydrogen - {R}e{S}ource --- resource.news}},
	howpublished = {},
	year = {2024},
	date = {20-03-2024},
}

@misc{forbesEnergyDepartment,
	author = {Alan Ohnsman},
	title = { \href{https://www.forbes.com/sites/alanohnsman/2024/02/08/energy-department-awards-20-million-for-research-into-carbon-free-geologic-hydrogen/?sh=265a21131e1d}{{E}nergy {D}epartment {A}wards \$20 {M}illion {F}or {R}esearch {I}nto {C}arbon-{F}ree {G}eologic {H}ydrogen --- forbes.com}},
	howpublished = {},
	year = {2024},
	date = {08-02-2024},
}

@misc{youtubeFindingAlien,
	author = {Fraser Cain},
	title = { \href{https://www.youtube.com/watch?v=1KKOAaG1Kg8}{{F}inding {A}lien {L}ife. {A} {S}tep-{B}y-{S}tep {I}nstruction --- youtube.com}},
	howpublished = {},
	year = {2023},
	date = {14-12-2023},
}

@misc{youtubeUniversalLife,
	author = {NASA Astrobiology},
	title = { \href{https://www.youtube.com/watch?v=FMKPz1tuv10}{{U}niversal {L}ife {D}etection: {A}strobiology \& {A}ssembly {T}heory --- youtube.com}},
	howpublished = {},
	year = {2021},
	date = {02-09-2021},
}

@misc{acsChemistsDesign,
	author = {},
	title = { \href{https://cen.acs.org/physical-chemistry/astrochemistry/Chemists-design-alien-life-detector/99/i20}{{C}hemists design alien life detector --- cen.acs.org}},
	year = {2021},
	date = {27-05-2021},
}

@misc{newscientistRoboticChemist,
	author = {Katharine Sanderson},
	title = { \href{https://www.newscientist.com/article/2280573-robotic-chemist-may-be-able-to-recreate-earths-primordial-soup/}{{R}obotic chemist may be able to recreate {E}arth’s primordial soup --- newscientist.com}},
	howpublished = {},
	year = {2021},
	date = {10-06-2021}
}