@article{mathis2017emergence,
  title={The emergence of life as a first-order phase transition},
  author={Mathis, Cole and Bhattacharya, Tanmoy and Walker, Sara Imari},
  journal={Astrobiology},
  volume={17},
  number={3},
  pages={266--276},
  year={2017},
  publisher={Mary Ann Liebert, Inc. 140 Huguenot Street, 3rd Floor New Rochelle, NY 10801 USA}
}

@article{mathis2017prebiotic,
  title={Prebiotic RNA network formation: a taxonomy of molecular cooperation},
  author={Mathis, Cole and Ramprasad, Sanjay N and Walker, Sara Imari and Lehman, Niles},
  journal={Life},
  volume={7},
  number={4},
  pages={38},
  year={2017},
  publisher={MDPI}
}

@article{antonioni2019individual,
  title={Individual perception dynamics in drunk games},
  author={Antonioni, Alberto and Martinez-Vaquero, Luis A and Mathis, Cole and Peel, Leto and Stella, Massimo},
  journal={Physical Review E},
  volume={99},
  number={5},
  pages={052311},
  year={2019},
  publisher={American Physical Society}
}

@article{walker2018network,
  title={Network theory in prebiotic evolution},
  author={Walker, Sara Imari and Mathis, Cole},
  journal={Prebiotic chemistry and chemical evolution of nucleic acids},
  pages={263--291},
  year={2018},
  publisher={Springer International Publishing},
  annote={-}
}

@article{kim2019universal,
  title={Universal scaling across biochemical networks on Earth},
  author={Kim, Hyunju and Smith, Harrison B and Mathis, Cole and Raymond, Jason and Walker, Sara I},
  journal={Science advances},
  volume={5},
  number={1},
  pages={eaau0149},
  year={2019},
  publisher={American Association for the Advancement of Science}
}

@article{surman2019environmental,
  title={Environmental control programs the emergence of distinct functional ensembles from unconstrained chemical reactions},
  author={Surman, Andrew J and Rodriguez-Garcia, Marc and Abul-Haija, Yousef M and Cooper, Geoffrey JT and Gromski, Piotr S and Turk-MacLeod, Rebecca and Mullin, Margaret and Mathis, Cole and Walker, Sara I and Cronin, Leroy},
  journal={Proceedings of the National Academy of Sciences},
  volume={116},
  number={12},
  pages={5387--5392},
  year={2019},
  publisher={National Academy of Sciences}
}

@inproceedings{mathis2019autocatalysis,
  title={Autocatalysis in a Hierarchically Organized Inorganic Chemical Network},
  author={Mathis, Cole and Miras, Haralampos and Cronin, Leroy},
  booktitle={Artificial Life Conference Proceedings},
  pages={652--653},
  year={2019},
  organization={MIT Press One Rogers Street, Cambridge, MA 02142-1209, USA journals-info~…},
  annote={-}
}

@article{miras2020spontaneous,
  title={Spontaneous formation of autocatalytic sets with self-replicating inorganic metal oxide clusters},
  author={Miras, Haralampos N and Mathis, Cole and Xuan, Weimin and Long, De-Liang and Pow, Robert and Cronin, Leroy},
  journal={Proceedings of the National Academy of Sciences},
  volume={117},
  number={20},
  pages={10699--10705},
  year={2020},
  publisher={National Academy of Sciences}
}

@article{mathis2020meaning,
  title={Meaning of the Living State},
  author={Mathis, Cole},
  journal={Social and Conceptual Issues in Astrobiology},
  pages={91},
  year={2020},
  publisher={Oxford University Press}
}

@article{mathis2020identifying,
  title={Identifying molecules as biosignatures with assembly theory and mass spectrometry},
  author={Mathis, Cole and Marshall, Stuart and Carrick, Emma and Keenan, Graham and Cooper, Geoffrey and Graham, Heather and Bame, Jessica and Craven, Matthew and Bell, Nicola and Gromski, Piotr S and others},
  journal={Nature communications},
  volume={12},
  number={1},
  pages={3033},
  year={2021},
  publisher={Nature Publishing Group UK London},
  annote={*}
}

@article{liu2021exploring,
  title={Exploring and mapping chemical space with molecular assembly trees},
  author={Liu, Yu and Mathis, Cole and Bajczyk, Micha{\l} Dariusz and Marshall, Stuart M and Wilbraham, Liam and Cronin, Leroy},
  journal={Science advances},
  volume={7},
  number={39},
  pages={eabj2465},
  year={2021},
  publisher={American Association for the Advancement of Science}
}

@article{asche2021robotic,
  title={A robotic prebiotic chemist probes long term reactions of complexifying mixtures},
  author={Asche, Silke and Cooper, Geoffrey JT and Keenan, Graham and Mathis, Cole and Cronin, Leroy},
  journal={Nature Communications},
  volume={12},
  number={1},
  pages={3547},
  year={2021},
  publisher={Nature Publishing Group UK London}
}

@article{doran2021exploring,
  title={Exploring the sequence space of unknown oligomers and polymers},
  author={Doran, David and Clarke, Emma and Keenan, Graham and Carrick, Emma and Mathis, Cole and Cronin, Leroy},
  journal={Cell Reports Physical Science},
  volume={2},
  number={12},
  year={2021},
  publisher={Elsevier}
}

@article{lockey2022investigating,
  title={Investigating the autocatalytically driven formation of Keggin-based polyoxometalate clusters},
  author={Lockey, David and Mathis, Cole and Miras, Haralampos N and Cronin, Leroy},
  journal={Matter},
  volume={5},
  number={1},
  pages={302--313},
  year={2022},
  publisher={Elsevier}
}

@article{foote2023false,
  title={False positives and the challenge of testing the alien hypothesis},
  author={Foote, Searra and Sinhadc, Pritvik and Mathis, Cole and Walker, Sara Imari},
  journal={Astrobiology},
  volume={23},
  number={11},
  pages={1189--1201},
  year={2023},
  publisher={Mary Ann Liebert, Inc., publishers 140 Huguenot Street, 3rd Floor New~…},
  annote={#}
}

@article{meadows2022community,
  title={Community Report from the Biosignatures Standards of Evidence Workshop},
  author={Meadows, Victoria and Graham, Heather and Abrahamsson, Victor and Adam, Zach and Amador-French, Elena and Arney, Giada and Barge, Laurie and Barlow, Erica and Berea, Anamaria and Bose, Maitrayee and others},
  journal={arXiv preprint arXiv:2210.14293},
  year={2022},
  annote={-}
}

@article{jirasek2023multimodal,
  title={Multimodal Techniques for Detecting Alien Life using Assembly Theory and Spectroscopy},
  author={Jirasek, Michael and Sharma, Abhishek and Bame, Jessica R and Bell, Nicola and Marshall, Stuart M and Mathis, Cole and Macleod, Alasdair and Cooper, Geoffrey JT and Swart, Marcel and Mollfulleda, Rosa and others},
  journal={arXiv preprint arXiv:2302.13753},
  year={2023},
  annote={-}
}

@article{oolen2023takes,
  title={What it takes to solve the Origin (s) of Life: An integrated review of techniques},
  author={OoLEN and Asche, Silke and Bautista, Carla and Boulesteix, David and Champagne-Ruel, Alexandre and Mathis, Cole and Markovitch, Omer and Peng, Zhen and Adams, Alyssa and Dass, Avinash Vicholous and others},
  journal={arXiv preprint arXiv:2308.11665},
  year={2023},
  annote={-}
}

@article{smith2023life,
  title={Life detection in a universe of false positives: Can the Fatal Flaws of Exoplanet Biosignatures be Overcome Absent a Theory of Life?},
  author={Smith, Harrison B and Mathis, Cole},
  journal={BioEssays},
  volume={45},
  number={12},
  pages={2300050},
  year={2023},
  annote={*}
}